<record><leader>00000cas a22000007a 4500</leader><controlfield tag="001">35722622</controlfield><controlfield tag="008">961011d19431943azuwr ne      0    0eng d</controlfield><datafield ind1=" " ind2=" " tag="010"><subfield code="a">sn 95060756 </subfield></datafield><datafield ind1=" " ind2=" " tag="040"><subfield code="a">ANN</subfield><subfield code="b">eng</subfield><subfield code="c">ANN</subfield><subfield code="d">OCLCQ</subfield><subfield code="d">OCLCO</subfield></datafield><datafield ind1="1" ind2=" " tag="029"><subfield code="a">AU@</subfield><subfield code="b">000012909019</subfield></datafield><datafield ind1=" " ind2=" " tag="042"><subfield code="a">msc</subfield></datafield><datafield ind1=" " ind2=" " tag="043"><subfield code="a">n-us-az</subfield></datafield><datafield ind1="0" ind2="0" tag="245"><subfield code="a">Marana news.</subfield></datafield><datafield ind1="1" ind2="3" tag="246"><subfield code="a">Marana Army Air Field news</subfield></datafield><datafield ind1=" " ind2=" " tag="260"><subfield code="a">Tucson, Ariz. :</subfield><subfield code="b">Marana Army Air Field,</subfield><subfield code="c">1943.</subfield></datafield><datafield ind1=" " ind2=" " tag="300"><subfield code="a">v.</subfield></datafield><datafield ind1=" " ind2=" " tag="310"><subfield code="a">Weekly</subfield></datafield><datafield ind1="0" ind2=" " tag="362"><subfield code="a">Vol. 1, no. 1 (July 9, 1943).</subfield></datafield><datafield ind1=" " ind2="0" tag="650"><subfield code="a">Military bases</subfield><subfield code="z">Arizona</subfield><subfield code="v">Newspapers.</subfield></datafield><datafield ind1=" " ind2="0" tag="651"><subfield code="a">Marana Air Force Base (Ariz.)</subfield><subfield code="v">Newspapers.</subfield></datafield><datafield ind1=" " ind2="0" tag="651"><subfield code="a">Tucson (Ariz.)</subfield><subfield code="v">Newspapers.</subfield></datafield><datafield ind1=" " ind2="0" tag="651"><subfield code="a">Pima County (Ariz.)</subfield><subfield code="v">Newspapers.</subfield></datafield><datafield ind1=" " ind2=" " tag="752"><subfield code="a">United States</subfield><subfield code="b">Arizona</subfield><subfield code="c">Pima</subfield><subfield code="d">Tucson.</subfield></datafield><datafield ind1="0" ind2="0" tag="785"><subfield code="t">Cowling</subfield><subfield code="w">(DLC)sn 94052732</subfield></datafield></record>